<record><leader>00000cas a22000007a 4500</leader><controlfield tag="001">12210281</controlfield><controlfield tag="008">850628d19061971wiuwr ne      0    0eng d</controlfield><datafield ind1=" " ind2=" " tag="010"><subfield code="a">sn 85040829 </subfield></datafield><datafield ind1=" " ind2=" " tag="040"><subfield code="a">NPV</subfield><subfield code="b">eng</subfield><subfield code="c">NPV</subfield><subfield code="d">OCLCQ</subfield></datafield><datafield ind1=" " ind2=" " tag="042"><subfield code="a">msc</subfield></datafield><datafield ind1="0" ind2="4" tag="245"><subfield code="a">The Wittenberg enterprise.</subfield></datafield><datafield ind1=" " ind2=" " tag="260"><subfield code="a">Wittenberg, Wis. :</subfield><subfield code="b">Englund-Ketcham Printing,</subfield><subfield code="c">-1971.</subfield></datafield><datafield ind1=" " ind2=" " tag="300"><subfield code="a">v. :</subfield><subfield code="b">ill.</subfield></datafield><datafield ind1=" " ind2=" " tag="310"><subfield code="a">Weekly</subfield></datafield><datafield ind1="0" ind2=" " tag="362"><subfield code="a">-seventy-eighth year, no. 20 (Mar. 25, 1971).</subfield></datafield><datafield ind1="1" ind2=" " tag="362"><subfield code="a">Began in 1906.</subfield></datafield><datafield ind1=" " ind2=" " tag="500"><subfield code="a">Publisher varies.</subfield></datafield><datafield ind1=" " ind2=" " tag="588"><subfield code="a">Description based on: Fourteenth year, no. 1 (Nov. 23, 1906).</subfield></datafield><datafield ind1=" " ind2=" " tag="752"><subfield code="a">United States</subfield><subfield code="b">Wisconsin</subfield><subfield code="c">Shawano</subfield><subfield code="d">Wittenberg.</subfield></datafield><datafield ind1="0" ind2="0" tag="780"><subfield code="t">Enterprise (Wittenberg, Wis.)</subfield><subfield code="w">(DLC)sn 85040828</subfield></datafield><datafield ind1="0" ind2="7" tag="785"><subfield code="t">Birnamwood news</subfield><subfield code="w">(DLC)sn 85040833</subfield></datafield><datafield ind1="0" ind2="7" tag="785"><subfield code="t">Wittenberg enterprise and Birnamwood news (Wittenberg, Wis. : 1971)</subfield><subfield code="w">(DLC)sn 85040830</subfield></datafield></record>